<?xml version="1.0" encoding="UTF-8"?><collection xmlns="http://www.loc.gov/MARC21/slim"><record><leader>00364nam--2200145-i-4500</leader><controlfield tag="001">000017022</controlfield><controlfield tag="002">20161230</controlfield><controlfield tag="005">20170304194812</controlfield><controlfield tag="008">060222s1000------------r-----000-0-eng-d</controlfield><datafield ind1=" " ind2=" " tag="100"><subfield code="a">Capatu, Chimon</subfield></datafield><datafield ind1=" " ind2=" " tag="245"><subfield code="a">Poduri pe grinzi de beton. Suprastructura</subfield></datafield><datafield ind1=" " ind2=" " tag="260"><subfield code="a">Iasi</subfield><subfield code="b">Editura Junimea</subfield><subfield code="c">1987</subfield></datafield><datafield ind1=" " ind2=" " tag="300"><subfield code="a">295 p</subfield></datafield><datafield ind1=" " ind2=" " tag="852"><subfield code="a">625.7</subfield></datafield><datafield ind1=" " ind2=" " tag="CAT"><subfield code="a">SYS</subfield><subfield code="c">20170304</subfield><subfield code="h">194812</subfield></datafield></record></collection>